<record><leader>00000cas a22000007a 4500</leader><controlfield tag="001">15737137</controlfield><controlfield tag="008">870527d192919uuwiuuu ne      0    0slo d</controlfield><datafield ind1=" " ind2=" " tag="010"><subfield code="a">sn 87082491 </subfield></datafield><datafield ind1=" " ind2=" " tag="040"><subfield code="a">NPV</subfield><subfield code="b">eng</subfield><subfield code="c">NPV</subfield><subfield code="d">OCLCQ</subfield></datafield><datafield ind1="0" ind2=" " tag="041"><subfield code="a">sloeng</subfield></datafield><datafield ind1=" " ind2=" " tag="042"><subfield code="a">msc</subfield></datafield><datafield ind1="0" ind2="0" tag="245"><subfield code="a">Wisconsinsky&#769; slova&#769;k.</subfield></datafield><datafield ind1="1" ind2="3" tag="246"><subfield code="a">Wisconsin slovak</subfield></datafield><datafield ind1=" " ind2=" " tag="260"><subfield code="a">Milwaukee, Wis. :</subfield><subfield code="b">Slovak Pub. Co.</subfield></datafield><datafield ind1=" " ind2=" " tag="300"><subfield code="a">v.</subfield></datafield><datafield ind1="1" ind2=" " tag="362"><subfield code="a">Began in 1929?</subfield></datafield><datafield ind1="8" ind2=" " tag="521"><subfield code="a">"Devoted to the welfare of the slovak people of Wisconsin."</subfield></datafield><datafield ind1=" " ind2=" " tag="546"><subfield code="a">In Slovak and English.</subfield></datafield><datafield ind1=" " ind2=" " tag="588"><subfield code="a">Description based on: Roc&#780;ni&#769;k 7, C&#780;islo 2 (Okt. 1936).</subfield></datafield><datafield ind1=" " ind2=" " tag="752"><subfield code="a">United States</subfield><subfield code="b">Wisconsin</subfield><subfield code="c">Milwaukee</subfield><subfield code="d">Milwaukee.</subfield></datafield><datafield ind1=" " ind2=" " tag="752"><subfield code="a">United States</subfield><subfield code="b">Wisconsin</subfield><subfield code="c">Washington</subfield><subfield code="d">Milwaukee.</subfield></datafield></record>